%% This BibTeX bibliography file was created using BibDesk.
%% http://bibdesk.sourceforge.net/

%% Created for Angelo Du√≤ at 2017-11-29 12:53:49 +0100 


%% Saved with string encoding Unicode (UTF-8) 



@article{zheng2017massively,
	Author = {Zheng, Grace XY and Terry, Jessica M and Belgrader, Phillip and Ryvkin, Paul and Bent, Zachary W and Wilson, Ryan and Ziraldo, Solongo B and Wheeler, Tobias D and McDermott, Geoff P and Zhu, Junjie and others},
	Journal = {Nature communications},
	Pages = {14049},
	Publisher = {Nature Publishing Group},
	Title = {Massively parallel digital transcriptional profiling of single cells},
	Volume = {8},
	Year = {2017},
	Bdsk-File-1 = {YnBsaXN0MDDUAQIDBAUGJCVYJHZlcnNpb25YJG9iamVjdHNZJGFyY2hpdmVyVCR0b3ASAAGGoKgHCBMUFRYaIVUkbnVsbNMJCgsMDxJXTlMua2V5c1pOUy5vYmplY3RzViRjbGFzc6INDoACgAOiEBGABIAFgAdccmVsYXRpdmVQYXRoWWFsaWFzRGF0YV8QGC4uLy4uL0xpdC9aaGVuZ18yMDE3LnBkZtIXCxgZV05TLmRhdGFPEQGoAAAAAAGoAAIAAAxNYWNpbnRvc2ggSEQAAAAAAAAAAAAAAAAAAADUcbW4SCsAAABAli4OWmhlbmdfMjAxNy5wZGYAAAAAAAAAAAAAAAAAAAAAAAAAAAAAAAAAAAAAAAAAAAAAAAAAAAAAAAAAAAAAAAAAAGqzBtYXXXYAAAAAAAAAAAACAAIAAAkgAAAAAAAAAAAAAAAAAAAAA0xpdAAAEAAIAADUcaeoAAAAEQAIAADWF0FWAAAAAQAUAECWLgA4/LcADnUeAA51DQAGYi8AAgBJTWFjaW50b3NoIEhEOlVzZXJzOgBhbmdlbG9kdW86AERlc2t0b3A6AG1hc3RlcmFyYmVpdDoATGl0OgBaaGVuZ18yMDE3LnBkZgAADgAeAA4AWgBoAGUAbgBnAF8AMgAwADEANwAuAHAAZABmAA8AGgAMAE0AYQBjAGkAbgB0AG8AcwBoACAASABEABIAN1VzZXJzL2FuZ2Vsb2R1by9EZXNrdG9wL21hc3RlcmFyYmVpdC9MaXQvWmhlbmdfMjAxNy5wZGYAABMAAS8AABUAAgAQ//8AAIAG0hscHR5aJGNsYXNzbmFtZVgkY2xhc3Nlc11OU011dGFibGVEYXRhox0fIFZOU0RhdGFYTlNPYmplY3TSGxwiI1xOU0RpY3Rpb25hcnmiIiBfEA9OU0tleWVkQXJjaGl2ZXLRJidUcm9vdIABAAgAEQAaACMALQAyADcAQABGAE0AVQBgAGcAagBsAG4AcQBzAHUAdwCEAI4AqQCuALYCYgJkAmkCdAJ9AosCjwKWAp8CpAKxArQCxgLJAs4AAAAAAAACAQAAAAAAAAAoAAAAAAAAAAAAAAAAAAAC0A==}}

@article{kumar2014deconstructing,
	Author = {Kumar, Roshan M and Cahan, Patrick and Shalek, Alex K and Satija, Rahul and DaleyKeyser, A Jay and Li, Hu and Zhang, Jin and Pardee, Keith and Gennert, David and Trombetta, John J and others},
	Journal = {Nature},
	Number = {7529},
	Pages = {56--61},
	Publisher = {Nature Research},
	Title = {Deconstructing transcriptional heterogeneity in pluripotent stem cells},
	Volume = {516},
	Year = {2014},
	Bdsk-File-1 = {YnBsaXN0MDDUAQIDBAUGJCVYJHZlcnNpb25YJG9iamVjdHNZJGFyY2hpdmVyVCR0b3ASAAGGoKgHCBMUFRYaIVUkbnVsbNMJCgsMDxJXTlMua2V5c1pOUy5vYmplY3RzViRjbGFzc6INDoACgAOiEBGABIAFgAdccmVsYXRpdmVQYXRoWWFsaWFzRGF0YV8QGC4uLy4uL0xpdC9rdW1hcl8yMDE0LnBkZtIXCxgZV05TLmRhdGFPEQGoAAAAAAGoAAIAAAxNYWNpbnRvc2ggSEQAAAAAAAAAAAAAAAAAAADUcbW4SCsAAABAli4Oa3VtYXJfMjAxNC5wZGYAAAAAAAAAAAAAAAAAAAAAAAAAAAAAAAAAAAAAAAAAAAAAAAAAAAAAAAAAAAAAAAAAAGjcktYGO30AAAAAAAAAAAACAAIAAAkgAAAAAAAAAAAAAAAAAAAAA0xpdAAAEAAIAADUcaeoAAAAEQAIAADWBh9dAAAAAQAUAECWLgA4/LcADnUeAA51DQAGYi8AAgBJTWFjaW50b3NoIEhEOlVzZXJzOgBhbmdlbG9kdW86AERlc2t0b3A6AG1hc3RlcmFyYmVpdDoATGl0OgBrdW1hcl8yMDE0LnBkZgAADgAeAA4AawB1AG0AYQByAF8AMgAwADEANAAuAHAAZABmAA8AGgAMAE0AYQBjAGkAbgB0AG8AcwBoACAASABEABIAN1VzZXJzL2FuZ2Vsb2R1by9EZXNrdG9wL21hc3RlcmFyYmVpdC9MaXQva3VtYXJfMjAxNC5wZGYAABMAAS8AABUAAgAQ//8AAIAG0hscHR5aJGNsYXNzbmFtZVgkY2xhc3Nlc11OU011dGFibGVEYXRhox0fIFZOU0RhdGFYTlNPYmplY3TSGxwiI1xOU0RpY3Rpb25hcnmiIiBfEA9OU0tleWVkQXJjaGl2ZXLRJidUcm9vdIABAAgAEQAaACMALQAyADcAQABGAE0AVQBgAGcAagBsAG4AcQBzAHUAdwCEAI4AqQCuALYCYgJkAmkCdAJ9AosCjwKWAp8CpAKxArQCxgLJAs4AAAAAAAACAQAAAAAAAAAoAAAAAAAAAAAAAAAAAAAC0A==}}
@article{koh2016atlas,
  title={An atlas of transcriptional, chromatin accessibility, and surface marker changes in human mesoderm development},
  author={Koh, Pang Wei and Sinha, Rahul and Barkal, Amira A and Morganti, Rachel M and Chen, Angela and Weissman, Irving L and Ang, Lay Teng and Kundaje, Anshul and Loh, Kyle M},
  journal={Scientific data},
  volume={3},
  pages={160109},
  year={2016},
  publisher={Nature Publishing Group}
}
@article{oshlack2017splatter,
  title={Splatter: simulation of single-cell RNA sequencing data},
  author={Oshlack, Alicia and Phipson, Belinda and Zappia, Luke},
  journal={Genome biology},
  volume={18},
  number={1},
  pages={174},
  year={2017},
  publisher={BioMed Central}
}
@article{zwiener2014transforming,
  title={Transforming RNA-Seq data to improve the performance of prognostic gene signatures},
  author={Zwiener, Isabella and Frisch, Barbara and Binder, Harald},
  journal={PloS one},
  volume={9},
  number={1},
  pages={e85150},
  year={2014},
  publisher={Public Library of Science}
}
@article{lun2016step,
  title={A step-by-step workflow for low-level analysis of single-cell RNA-seq data with Bioconductor},
  author={Lun, Aaron TL and McCarthy, Davis J and Marioni, John C},
  journal={F1000Research},
  volume={5},
  year={2016},
  publisher={Faculty of 1000 Ltd}
}
@article{lun2016pooling,
  title={Pooling across cells to normalize single-cell RNA sequencing data with many zero counts},
  author={Lun, Aaron TL and Bach, Karsten and Marioni, John C},
  journal={Genome biology},
  volume={17},
  number={1},
  pages={75},
  year={2016},
  publisher={BioMed Central}
}
@article{trapnell2014dynamics,
  title={The dynamics and regulators of cell fate decisions are revealed by pseudotemporal ordering of single cells},
  author={Trapnell, Cole and Cacchiarelli, Davide and Grimsby, Jonna and Pokharel, Prapti and Li, Shuqiang and Morse, Michael and Lennon, Niall J and Livak, Kenneth J and Mikkelsen, Tarjei S and Rinn, John L},
  journal={Nature biotechnology},
  volume={32},
  number={4},
  pages={381--386},
  year={2014},
  publisher={Nature Research}
}
@article{huber2002variance,
  title={Variance stabilization applied to microarray data calibration and to the quantification of differential expression},
  author={Huber, Wolfgang and Von Heydebreck, Anja and S{\"u}ltmann, Holger and Poustka, Annemarie and Vingron, Martin},
  journal={Bioinformatics},
  volume={18},
  number={suppl\_1},
  pages={S96--S104},
  year={2002},
  publisher={Oxford University Press}
}
@article{van2013barnes,
  title={Barnes-hut-sne},
  author={Van Der Maaten, Laurens},
  journal={arXiv preprint arXiv:1301.3342},
  year={2013}
}
@article{tibshirani2001estimating,
  title={Estimating the number of clusters in a data set via the gap statistic},
  author={Tibshirani, Robert and Walther, Guenther and Hastie, Trevor},
  journal={Journal of the Royal Statistical Society: Series B (Statistical Methodology)},
  volume={63},
  number={2},
  pages={411--423},
  year={2001},
  publisher={Wiley Online Library}
}
@incollection{jolliffe1986principal,
  title={Principal Component Analysis and Factor Analysis},
  author={Jolliffe, Ian T},
  booktitle={Principal component analysis},
  pages={115--128},
  year={1986},
  publisher={Springer}
}
@article{hartigan1979algorithm,
  title={Algorithm AS 136: A k-means clustering algorithm},
  author={Hartigan, John A and Wong, Manchek A},
  journal={Journal of the Royal Statistical Society. Series C (Applied Statistics)},
  volume={28},
  number={1},
  pages={100--108},
  year={1979},
  publisher={JSTOR}
}

@article{yau2016pcareduce,
  title={pcaReduce: hierarchical clustering of single cell transcriptional profiles},
  author={Yau, Christopher and others},
  journal={BMC bioinformatics},
  volume={17},
  number={1},
  pages={140},
  year={2016},
  publisher={BioMed Central}
}
@article{kiselev2017sc3,
  title={SC3: consensus clustering of single-cell RNA-seq data},
  author={Kiselev, Vladimir Yu and Kirschner, Kristina and Schaub, Michael T and Andrews, Tallulah and Yiu, Andrew and Chandra, Tamir and Natarajan, Kedar N and Reik, Wolf and Barahona, Mauricio and Green, Anthony R and others},
  journal={Nature methods},
  year={2017},
  publisher={Nature Research}
}
@article{xu2015identification,
  title={Identification of cell types from single-cell transcriptomes using a novel clustering method},
  author={Xu, Chen and Su, Zhengchang},
  journal={Bioinformatics},
  volume={31},
  number={12},
  pages={1974--1980},
  year={2015},
  publisher={Oxford University Press}
}
@article{wang2017visualization,
  title={Visualization and analysis of single-cell RNA-seq data by kernel-based similarity learning},
  author={Wang, Bo and Zhu, Junjie and Pierson, Emma and Ramazzotti, Daniele and Batzoglou, Serafim},
  journal={Nature Methods},
  volume={14},
  number={4},
  pages={414--416},
  year={2017},
  publisher={Nature Research}
}

@article{risso2017zinb,
  title={ZINB-WaVE: A general and flexible method for signal extraction from single-cell RNA-seq data},
  author={Risso, Davide and Perraudeau, Fanny and Gribkova, Svetlana and Dudoit, Sandrine and Vert, Jean-Philippe},
  journal={bioRxiv},
  pages={125112},
  year={2017},
  publisher={Cold Spring Harbor Labs Journals}
}
@article{yip2017linnorm,
  title={Linnorm: improved statistical analysis for single cell RNA-seq expression data},
  author={Yip, Shun H and Wang, Panwen and Kocher, Jean-Pierre A and Sham, Pak Chung and Wang, Junwen},
  journal={Nucleic acids research},
  year={2017}
}
@article{ji2015tscan,
  title={TSCAN: Tools for Single-Cell ANalysis},
  author={Ji, Zhicheng and Ji, Hongkai},
  year={2015}
}
@article{tang2009mrna,
  title={mRNA-Seq whole-transcriptome analysis of a single cell},
  author={Tang, Fuchou and Barbacioru, Catalin and Wang, Yangzhou and Nordman, Ellen and Lee, Clarence and Xu, Nanlan and Wang, Xiaohui and Bodeau, John and Tuch, Brian B and Siddiqui, Asim and others},
  journal={Nature methods},
  volume={6},
  number={5},
  pages={377--382},
  year={2009},
  publisher={Nature Publishing Group}
}
@article{andrews2017identifying,
  title={Identifying cell populations with scRNASeq},
  author={Andrews, Tallulah S and Hemberg, Martin},
  journal={Molecular aspects of medicine},
  year={2017},
  publisher={Elsevier}
}
@article{wagner2016revealing,
  title={Revealing the vectors of cellular identity with single-cell genomics},
  author={Wagner, Allon and Regev, Aviv and Yosef, Nir},
  journal={Nature biotechnology},
  volume={34},
  number={11},
  pages={1145--1160},
  year={2016},
  publisher={Nature Research}
}
@article{lin2017cidr,
  title={CIDR: Ultrafast and accurate clustering through imputation for single-cell RNA-seq data},
  author={Lin, Peijie and Troup, Michael and Ho, Joshua WK},
  journal={Genome biology},
  volume={18},
  number={1},
  pages={59},
  year={2017},
  publisher={BioMed Central}
}
@article{chen2016detection,
  title={Detection of high variability in gene expression from single-cell RNA-seq profiling},
  author={Chen, Hung-I Harry and Jin, Yufang and Huang, Yufei and Chen, Yidong},
  journal={BMC genomics},
  volume={17},
  number={7},
  pages={508},
  year={2016},
  publisher={BioMed Central}
}
@article{picelli2013smart,
  title={Smart-seq2 for sensitive full-length transcriptome profiling in single cells},
  author={Picelli, Simone and Bj{\"o}rklund, {\AA}sa K and Faridani, Omid R and Sagasser, Sven and Winberg, G{\"o}sta and Sandberg, Rickard},
  journal={Nature methods},
  volume={10},
  number={11},
  pages={1096--1098},
  year={2013},
  publisher={Nature Research}
}
@article{soneson2015differential,
  title={Differential analyses for RNA-seq: transcript-level estimates improve gene-level inferences},
  author={Soneson, Charlotte and Love, Michael I and Robinson, Mark D},
  journal={F1000Research},
  volume={4},
  year={2015},
  publisher={Faculty of 1000 Ltd}
}
@article{hubert1985comparing,
  title={Comparing partitions},
  author={Hubert, Lawrence and Arabie, Phipps},
  journal={Journal of classification},
  volume={2},
  number={1},
  pages={193--218},
  year={1985},
  publisher={Springer}
}
@article{butler2017integrated,
  title={Integrated analysis of single cell transcriptomic data across conditions, technologies, and species},
  author={Butler, Andrew and Satija, Rahul},
  journal={bioRxiv},
  pages={164889},
  year={2017},
  publisher={Cold Spring Harbor Laboratory}
}
 @Manual{R,
    title = {R: A Language and Environment for Statistical Computing},
    author = {{R Core Team}},
    organization = {R Foundation for Statistical Computing},
    address = {Vienna, Austria},
    year = {2013},
    url = {http://www.R-project.org/},
  }
  @article{anders2010differential,
  title={Differential expression analysis for sequence count data},
  author={Anders, Simon and Huber, Wolfgang},
  journal={Genome biology},
  volume={11},
  number={10},
  pages={R106},
  year={2010},
  publisher={BioMed Central}
}
@article{hotelling1933analysis,
  title={Analysis of a complex of statistical variables into principal components.},
  author={Hotelling, Harold},
  journal={Journal of educational psychology},
  volume={24},
  number={6},
  pages={417},
  year={1933},
  publisher={Warwick \& York}
}
@article{perraudeau2017bioconductor,
  title={Bioconductor workflow for single-cell RNA sequencing: Normalization, dimensionality reduction, clustering, and lineage inference},
  author={Perraudeau, Fanny and Risso, Davide and Street, Kelly and Purdom, Elizabeth and Dudoit, Sandrine},
  journal={F1000Research},
  volume={6},
  year={2017},
  publisher={Faculty of 1000 Ltd}
}
@article{van2017magic,
  title={MAGIC: A diffusion-based imputation method reveals gene-gene interactions in single-cell RNA-sequencing data},
  author={van Dijk, David and Nainys, Juozas and Sharma, Roshan and Kathail, Pooja and Carr, Ambrose J and Moon, Kevin R and Mazutis, Linas and Wolf, Guy and Krishnaswamy, Smita and Pe'er, Dana},
  journal={BioRxiv},
  pages={111591},
  year={2017},
  publisher={Cold Spring Harbor Laboratory}
}
@article{sinha2018dropclust,
  title={dropClust: Efficient clustering of ultra-large scRNA-seq data},
  author={Sinha, Debajyoti and Kumar, Akhilesh and Kumar, Himanshu and Bandyopadhyay, Sanghamitra and Sengupta, Debarka},
  journal={Nucleic Acids Research},
  year={2018}
}
@article{sun2017dimm,
  title={DIMM-SC: a Dirichlet mixture model for clustering droplet-based single cell transcriptomic data},
  author={Sun, Zhe and Wang, Ting and Deng, Ke and Wang, Xiao-Feng and Lafyatis, Robert and Ding, Ying and Hu, Ming and Chen, Wei},
  journal={Bioinformatics},
  volume={34},
  number={1},
  pages={139--146},
  year={2017},
  publisher={Oxford University Press}
}
@article{yang2017safe,
  title={SAFE-clustering: Single-cell Aggregated (From Ensemble) Clustering for Single-cell RNA-seq Data},
  author={Yang, Yuchen and Huh, Ruth and Culpepper, Houston W and Love, Michael I and Li, Yun},
  journal={bioRxiv},
  pages={215723},
  year={2017},
  publisher={Cold Spring Harbor Laboratory}
}

	
